%YAML 1.1
%TAG !u! tag:unity3d.com,2011:
--- !u!1 &7114378123266966322
GameObject:
  m_ObjectHideFlags: 0
  m_CorrespondingSourceObject: {fileID: 0}
  m_PrefabInstance: {fileID: 0}
  m_PrefabAsset: {fileID: 0}
  serializedVersion: 6
  m_Component:
  - component: {fileID: 2920621199952433510}
  m_Layer: 0
  m_Name: TuboSueloGiro
  m_TagString: Untagged
  m_Icon: {fileID: 0}
  m_NavMeshLayer: 0
  m_StaticEditorFlags: 0
  m_IsActive: 1
--- !u!4 &2920621199952433510
Transform:
  m_ObjectHideFlags: 0
  m_CorrespondingSourceObject: {fileID: 0}
  m_PrefabInstance: {fileID: 0}
  m_PrefabAsset: {fileID: 0}
  m_GameObject: {fileID: 7114378123266966322}
  m_LocalRotation: {x: 0, y: 0, z: 0, w: 1}
  m_LocalPosition: {x: 1.3345964, y: -0.37264055, z: 7.1794877}
  m_LocalScale: {x: 1, y: 1, z: 1}
  m_Children:
  - {fileID: 8794856551490465726}
  - {fileID: 1468148982813719619}
  - {fileID: 3724556002453961454}
  - {fileID: 841636532896445613}
  - {fileID: 2049396940562228874}
  - {fileID: 4474144732644556356}
  - {fileID: 9026970781673298583}
  - {fileID: 5995830586479356544}
  - {fileID: 8969594853932804831}
  - {fileID: 8499164912297360007}
  - {fileID: 7719429325604583069}
  - {fileID: 8535913664756280785}
  - {fileID: 5718306730829425054}
  - {fileID: 8824915867230449176}
  - {fileID: 251022077750998349}
  m_Father: {fileID: 0}
  m_RootOrder: 0
  m_LocalEulerAnglesHint: {x: 0, y: 0, z: 0}
--- !u!1001 &841636532896837165
PrefabInstance:
  m_ObjectHideFlags: 0
  serializedVersion: 2
  m_Modification:
    m_TransformParent: {fileID: 2920621199952433510}
    m_Modifications:
    - target: {fileID: 100000, guid: 7858d98fca370ca4aa80b5366d2f2b6b, type: 3}
      propertyPath: m_Name
      value: Famella_02 (1)
      objectReference: {fileID: 0}
    - target: {fileID: 400000, guid: 7858d98fca370ca4aa80b5366d2f2b6b, type: 3}
      propertyPath: m_LocalPosition.x
      value: 0.28840375
      objectReference: {fileID: 0}
    - target: {fileID: 400000, guid: 7858d98fca370ca4aa80b5366d2f2b6b, type: 3}
      propertyPath: m_LocalPosition.y
      value: 0.32244104
      objectReference: {fileID: 0}
    - target: {fileID: 400000, guid: 7858d98fca370ca4aa80b5366d2f2b6b, type: 3}
      propertyPath: m_LocalPosition.z
      value: 0.08181095
      objectReference: {fileID: 0}
    - target: {fileID: 400000, guid: 7858d98fca370ca4aa80b5366d2f2b6b, type: 3}
      propertyPath: m_LocalRotation.x
      value: -0
      objectReference: {fileID: 0}
    - target: {fileID: 400000, guid: 7858d98fca370ca4aa80b5366d2f2b6b, type: 3}
      propertyPath: m_LocalRotation.y
      value: -0
      objectReference: {fileID: 0}
    - target: {fileID: 400000, guid: 7858d98fca370ca4aa80b5366d2f2b6b, type: 3}
      propertyPath: m_LocalRotation.z
      value: -0
      objectReference: {fileID: 0}
    - target: {fileID: 400000, guid: 7858d98fca370ca4aa80b5366d2f2b6b, type: 3}
      propertyPath: m_LocalRotation.w
      value: 1
      objectReference: {fileID: 0}
    - target: {fileID: 400000, guid: 7858d98fca370ca4aa80b5366d2f2b6b, type: 3}
      propertyPath: m_RootOrder
      value: 3
      objectReference: {fileID: 0}
    - target: {fileID: 400000, guid: 7858d98fca370ca4aa80b5366d2f2b6b, type: 3}
      propertyPath: m_LocalEulerAnglesHint.x
      value: 0
      objectReference: {fileID: 0}
    - target: {fileID: 400000, guid: 7858d98fca370ca4aa80b5366d2f2b6b, type: 3}
      propertyPath: m_LocalEulerAnglesHint.y
      value: 0
      objectReference: {fileID: 0}
    - target: {fileID: 400000, guid: 7858d98fca370ca4aa80b5366d2f2b6b, type: 3}
      propertyPath: m_LocalEulerAnglesHint.z
      value: 0
      objectReference: {fileID: 0}
    - target: {fileID: 2300000, guid: 7858d98fca370ca4aa80b5366d2f2b6b, type: 3}
      propertyPath: m_Materials.Array.data[0]
      value: 
      objectReference: {fileID: 2100000, guid: 31d165d5675af1a459c1ffa53266c9bb, type: 2}
    m_RemovedComponents: []
  m_SourcePrefab: {fileID: 100100000, guid: 7858d98fca370ca4aa80b5366d2f2b6b, type: 3}
--- !u!4 &841636532896445613 stripped
Transform:
  m_CorrespondingSourceObject: {fileID: 400000, guid: 7858d98fca370ca4aa80b5366d2f2b6b,
    type: 3}
  m_PrefabInstance: {fileID: 841636532896837165}
  m_PrefabAsset: {fileID: 0}
--- !u!1001 &1468148982813320897
PrefabInstance:
  m_ObjectHideFlags: 0
  serializedVersion: 2
  m_Modification:
    m_TransformParent: {fileID: 2920621199952433510}
    m_Modifications:
    - target: {fileID: 100002, guid: 0a300ff82f85da44ca6c8c318445f2f3, type: 3}
      propertyPath: m_Name
      value: Tomb_02 (1)
      objectReference: {fileID: 0}
    - target: {fileID: 400002, guid: 0a300ff82f85da44ca6c8c318445f2f3, type: 3}
      propertyPath: m_LocalPosition.x
      value: -0.081596136
      objectReference: {fileID: 0}
    - target: {fileID: 400002, guid: 0a300ff82f85da44ca6c8c318445f2f3, type: 3}
      propertyPath: m_LocalPosition.y
      value: 0.32644075
      objectReference: {fileID: 0}
    - target: {fileID: 400002, guid: 0a300ff82f85da44ca6c8c318445f2f3, type: 3}
      propertyPath: m_LocalPosition.z
      value: 1.1555114
      objectReference: {fileID: 0}
    - target: {fileID: 400002, guid: 0a300ff82f85da44ca6c8c318445f2f3, type: 3}
      propertyPath: m_LocalRotation.x
      value: -0
      objectReference: {fileID: 0}
    - target: {fileID: 400002, guid: 0a300ff82f85da44ca6c8c318445f2f3, type: 3}
      propertyPath: m_LocalRotation.y
      value: -0.7126638
      objectReference: {fileID: 0}
    - target: {fileID: 400002, guid: 0a300ff82f85da44ca6c8c318445f2f3, type: 3}
      propertyPath: m_LocalRotation.z
      value: -0
      objectReference: {fileID: 0}
    - target: {fileID: 400002, guid: 0a300ff82f85da44ca6c8c318445f2f3, type: 3}
      propertyPath: m_LocalRotation.w
      value: 0.7015057
      objectReference: {fileID: 0}
    - target: {fileID: 400002, guid: 0a300ff82f85da44ca6c8c318445f2f3, type: 3}
      propertyPath: m_RootOrder
      value: 1
      objectReference: {fileID: 0}
    - target: {fileID: 400002, guid: 0a300ff82f85da44ca6c8c318445f2f3, type: 3}
      propertyPath: m_LocalEulerAnglesHint.x
      value: 0
      objectReference: {fileID: 0}
    - target: {fileID: 400002, guid: 0a300ff82f85da44ca6c8c318445f2f3, type: 3}
      propertyPath: m_LocalEulerAnglesHint.y
      value: -90.90401
      objectReference: {fileID: 0}
    - target: {fileID: 400002, guid: 0a300ff82f85da44ca6c8c318445f2f3, type: 3}
      propertyPath: m_LocalEulerAnglesHint.z
      value: 0
      objectReference: {fileID: 0}
    - target: {fileID: 2300000, guid: 0a300ff82f85da44ca6c8c318445f2f3, type: 3}
      propertyPath: m_Materials.Array.data[0]
      value: 
      objectReference: {fileID: 2100000, guid: 31d165d5675af1a459c1ffa53266c9bb, type: 2}
    m_RemovedComponents: []
  m_SourcePrefab: {fileID: 100100000, guid: 0a300ff82f85da44ca6c8c318445f2f3, type: 3}
--- !u!4 &1468148982813719619 stripped
Transform:
  m_CorrespondingSourceObject: {fileID: 400002, guid: 0a300ff82f85da44ca6c8c318445f2f3,
    type: 3}
  m_PrefabInstance: {fileID: 1468148982813320897}
  m_PrefabAsset: {fileID: 0}
--- !u!1001 &2049396940562365450
PrefabInstance:
  m_ObjectHideFlags: 0
  serializedVersion: 2
  m_Modification:
    m_TransformParent: {fileID: 2920621199952433510}
    m_Modifications:
    - target: {fileID: 100000, guid: 7858d98fca370ca4aa80b5366d2f2b6b, type: 3}
      propertyPath: m_Name
      value: Famella_02 (2)
      objectReference: {fileID: 0}
    - target: {fileID: 400000, guid: 7858d98fca370ca4aa80b5366d2f2b6b, type: 3}
      propertyPath: m_LocalPosition.x
      value: 0.2844031
      objectReference: {fileID: 0}
    - target: {fileID: 400000, guid: 7858d98fca370ca4aa80b5366d2f2b6b, type: 3}
      propertyPath: m_LocalPosition.y
      value: 0.32544082
      objectReference: {fileID: 0}
    - target: {fileID: 400000, guid: 7858d98fca370ca4aa80b5366d2f2b6b, type: 3}
      propertyPath: m_LocalPosition.z
      value: 0.21491098
      objectReference: {fileID: 0}
    - target: {fileID: 400000, guid: 7858d98fca370ca4aa80b5366d2f2b6b, type: 3}
      propertyPath: m_LocalRotation.x
      value: -0
      objectReference: {fileID: 0}
    - target: {fileID: 400000, guid: 7858d98fca370ca4aa80b5366d2f2b6b, type: 3}
      propertyPath: m_LocalRotation.y
      value: -0
      objectReference: {fileID: 0}
    - target: {fileID: 400000, guid: 7858d98fca370ca4aa80b5366d2f2b6b, type: 3}
      propertyPath: m_LocalRotation.z
      value: -0
      objectReference: {fileID: 0}
    - target: {fileID: 400000, guid: 7858d98fca370ca4aa80b5366d2f2b6b, type: 3}
      propertyPath: m_LocalRotation.w
      value: 1
      objectReference: {fileID: 0}
    - target: {fileID: 400000, guid: 7858d98fca370ca4aa80b5366d2f2b6b, type: 3}
      propertyPath: m_RootOrder
      value: 4
      objectReference: {fileID: 0}
    - target: {fileID: 400000, guid: 7858d98fca370ca4aa80b5366d2f2b6b, type: 3}
      propertyPath: m_LocalEulerAnglesHint.x
      value: 0
      objectReference: {fileID: 0}
    - target: {fileID: 400000, guid: 7858d98fca370ca4aa80b5366d2f2b6b, type: 3}
      propertyPath: m_LocalEulerAnglesHint.y
      value: 0
      objectReference: {fileID: 0}
    - target: {fileID: 400000, guid: 7858d98fca370ca4aa80b5366d2f2b6b, type: 3}
      propertyPath: m_LocalEulerAnglesHint.z
      value: 0
      objectReference: {fileID: 0}
    - target: {fileID: 2300000, guid: 7858d98fca370ca4aa80b5366d2f2b6b, type: 3}
      propertyPath: m_Materials.Array.data[0]
      value: 
      objectReference: {fileID: 2100000, guid: 31d165d5675af1a459c1ffa53266c9bb, type: 2}
    m_RemovedComponents: []
  m_SourcePrefab: {fileID: 100100000, guid: 7858d98fca370ca4aa80b5366d2f2b6b, type: 3}
--- !u!4 &2049396940562228874 stripped
Transform:
  m_CorrespondingSourceObject: {fileID: 400000, guid: 7858d98fca370ca4aa80b5366d2f2b6b,
    type: 3}
  m_PrefabInstance: {fileID: 2049396940562365450}
  m_PrefabAsset: {fileID: 0}
--- !u!1001 &3014137958983793882
PrefabInstance:
  m_ObjectHideFlags: 0
  serializedVersion: 2
  m_Modification:
    m_TransformParent: {fileID: 2920621199952433510}
    m_Modifications:
    - target: {fileID: 7745753420337826970, guid: 1555ac90613cad04bb18bb8e1bef54f6,
        type: 3}
      propertyPath: m_Name
      value: TuboSuelo (13)
      objectReference: {fileID: 0}
    - target: {fileID: 3075837319540836759, guid: 1555ac90613cad04bb18bb8e1bef54f6,
        type: 3}
      propertyPath: m_LocalPosition.x
      value: -1.5445864
      objectReference: {fileID: 0}
    - target: {fileID: 3075837319540836759, guid: 1555ac90613cad04bb18bb8e1bef54f6,
        type: 3}
      propertyPath: m_LocalPosition.y
      value: 1.4690406
      objectReference: {fileID: 0}
    - target: {fileID: 3075837319540836759, guid: 1555ac90613cad04bb18bb8e1bef54f6,
        type: 3}
      propertyPath: m_LocalPosition.z
      value: 4.618912
      objectReference: {fileID: 0}
    - target: {fileID: 3075837319540836759, guid: 1555ac90613cad04bb18bb8e1bef54f6,
        type: 3}
      propertyPath: m_LocalRotation.x
      value: -0
      objectReference: {fileID: 0}
    - target: {fileID: 3075837319540836759, guid: 1555ac90613cad04bb18bb8e1bef54f6,
        type: 3}
      propertyPath: m_LocalRotation.y
      value: 0.7071068
      objectReference: {fileID: 0}
    - target: {fileID: 3075837319540836759, guid: 1555ac90613cad04bb18bb8e1bef54f6,
        type: 3}
      propertyPath: m_LocalRotation.z
      value: -0
      objectReference: {fileID: 0}
    - target: {fileID: 3075837319540836759, guid: 1555ac90613cad04bb18bb8e1bef54f6,
        type: 3}
      propertyPath: m_LocalRotation.w
      value: 0.7071068
      objectReference: {fileID: 0}
    - target: {fileID: 3075837319540836759, guid: 1555ac90613cad04bb18bb8e1bef54f6,
        type: 3}
      propertyPath: m_RootOrder
      value: 14
      objectReference: {fileID: 0}
    - target: {fileID: 3075837319540836759, guid: 1555ac90613cad04bb18bb8e1bef54f6,
        type: 3}
      propertyPath: m_LocalEulerAnglesHint.x
      value: 0
      objectReference: {fileID: 0}
    - target: {fileID: 3075837319540836759, guid: 1555ac90613cad04bb18bb8e1bef54f6,
        type: 3}
      propertyPath: m_LocalEulerAnglesHint.y
      value: 90
      objectReference: {fileID: 0}
    - target: {fileID: 3075837319540836759, guid: 1555ac90613cad04bb18bb8e1bef54f6,
        type: 3}
      propertyPath: m_LocalEulerAnglesHint.z
      value: 0
      objectReference: {fileID: 0}
    - target: {fileID: 3075837319540836759, guid: 1555ac90613cad04bb18bb8e1bef54f6,
        type: 3}
      propertyPath: m_LocalScale.x
      value: 1
      objectReference: {fileID: 0}
    - target: {fileID: 3075837319540836759, guid: 1555ac90613cad04bb18bb8e1bef54f6,
        type: 3}
      propertyPath: m_LocalScale.z
      value: 1
      objectReference: {fileID: 0}
    m_RemovedComponents: []
  m_SourcePrefab: {fileID: 100100000, guid: 1555ac90613cad04bb18bb8e1bef54f6, type: 3}
--- !u!4 &251022077750998349 stripped
Transform:
  m_CorrespondingSourceObject: {fileID: 3075837319540836759, guid: 1555ac90613cad04bb18bb8e1bef54f6,
    type: 3}
  m_PrefabInstance: {fileID: 3014137958983793882}
  m_PrefabAsset: {fileID: 0}
--- !u!1001 &3724556002454347884
PrefabInstance:
  m_ObjectHideFlags: 0
  serializedVersion: 2
  m_Modification:
    m_TransformParent: {fileID: 2920621199952433510}
    m_Modifications:
    - target: {fileID: 100002, guid: 2353850057cf110499a14fd2c4eb67af, type: 3}
      propertyPath: m_Name
      value: Tomb_03 (1)
      objectReference: {fileID: 0}
    - target: {fileID: 400002, guid: 2353850057cf110499a14fd2c4eb67af, type: 3}
      propertyPath: m_LocalPosition.x
      value: -0.060596228
      objectReference: {fileID: 0}
    - target: {fileID: 400002, guid: 2353850057cf110499a14fd2c4eb67af, type: 3}
      propertyPath: m_LocalPosition.y
      value: 0.32644075
      objectReference: {fileID: 0}
    - target: {fileID: 400002, guid: 2353850057cf110499a14fd2c4eb67af, type: 3}
      propertyPath: m_LocalPosition.z
      value: 1.1389117
      objectReference: {fileID: 0}
    - target: {fileID: 400002, guid: 2353850057cf110499a14fd2c4eb67af, type: 3}
      propertyPath: m_LocalRotation.x
      value: -0
      objectReference: {fileID: 0}
    - target: {fileID: 400002, guid: 2353850057cf110499a14fd2c4eb67af, type: 3}
      propertyPath: m_LocalRotation.y
      value: -0.7126638
      objectReference: {fileID: 0}
    - target: {fileID: 400002, guid: 2353850057cf110499a14fd2c4eb67af, type: 3}
      propertyPath: m_LocalRotation.z
      value: -0
      objectReference: {fileID: 0}
    - target: {fileID: 400002, guid: 2353850057cf110499a14fd2c4eb67af, type: 3}
      propertyPath: m_LocalRotation.w
      value: 0.7015057
      objectReference: {fileID: 0}
    - target: {fileID: 400002, guid: 2353850057cf110499a14fd2c4eb67af, type: 3}
      propertyPath: m_RootOrder
      value: 2
      objectReference: {fileID: 0}
    - target: {fileID: 400002, guid: 2353850057cf110499a14fd2c4eb67af, type: 3}
      propertyPath: m_LocalEulerAnglesHint.x
      value: 0
      objectReference: {fileID: 0}
    - target: {fileID: 400002, guid: 2353850057cf110499a14fd2c4eb67af, type: 3}
      propertyPath: m_LocalEulerAnglesHint.y
      value: -90.90401
      objectReference: {fileID: 0}
    - target: {fileID: 400002, guid: 2353850057cf110499a14fd2c4eb67af, type: 3}
      propertyPath: m_LocalEulerAnglesHint.z
      value: 0
      objectReference: {fileID: 0}
    - target: {fileID: 2300000, guid: 2353850057cf110499a14fd2c4eb67af, type: 3}
      propertyPath: m_Materials.Array.data[0]
      value: 
      objectReference: {fileID: 2100000, guid: 31d165d5675af1a459c1ffa53266c9bb, type: 2}
    m_RemovedComponents: []
  m_SourcePrefab: {fileID: 100100000, guid: 2353850057cf110499a14fd2c4eb67af, type: 3}
--- !u!4 &3724556002453961454 stripped
Transform:
  m_CorrespondingSourceObject: {fileID: 400002, guid: 2353850057cf110499a14fd2c4eb67af,
    type: 3}
  m_PrefabInstance: {fileID: 3724556002454347884}
  m_PrefabAsset: {fileID: 0}
--- !u!1001 &4474144732644156612
PrefabInstance:
  m_ObjectHideFlags: 0
  serializedVersion: 2
  m_Modification:
    m_TransformParent: {fileID: 2920621199952433510}
    m_Modifications:
    - target: {fileID: 100000, guid: 7858d98fca370ca4aa80b5366d2f2b6b, type: 3}
      propertyPath: m_Name
      value: Famella_02 (3)
      objectReference: {fileID: 0}
    - target: {fileID: 400000, guid: 7858d98fca370ca4aa80b5366d2f2b6b, type: 3}
      propertyPath: m_LocalPosition.x
      value: 0.2514031
      objectReference: {fileID: 0}
    - target: {fileID: 400000, guid: 7858d98fca370ca4aa80b5366d2f2b6b, type: 3}
      propertyPath: m_LocalPosition.y
      value: 0.3244409
      objectReference: {fileID: 0}
    - target: {fileID: 400000, guid: 7858d98fca370ca4aa80b5366d2f2b6b, type: 3}
      propertyPath: m_LocalPosition.z
      value: 0.32551098
      objectReference: {fileID: 0}
    - target: {fileID: 400000, guid: 7858d98fca370ca4aa80b5366d2f2b6b, type: 3}
      propertyPath: m_LocalRotation.x
      value: -0
      objectReference: {fileID: 0}
    - target: {fileID: 400000, guid: 7858d98fca370ca4aa80b5366d2f2b6b, type: 3}
      propertyPath: m_LocalRotation.y
      value: -0
      objectReference: {fileID: 0}
    - target: {fileID: 400000, guid: 7858d98fca370ca4aa80b5366d2f2b6b, type: 3}
      propertyPath: m_LocalRotation.z
      value: -0
      objectReference: {fileID: 0}
    - target: {fileID: 400000, guid: 7858d98fca370ca4aa80b5366d2f2b6b, type: 3}
      propertyPath: m_LocalRotation.w
      value: 1
      objectReference: {fileID: 0}
    - target: {fileID: 400000, guid: 7858d98fca370ca4aa80b5366d2f2b6b, type: 3}
      propertyPath: m_RootOrder
      value: 5
      objectReference: {fileID: 0}
    - target: {fileID: 400000, guid: 7858d98fca370ca4aa80b5366d2f2b6b, type: 3}
      propertyPath: m_LocalEulerAnglesHint.x
      value: 0
      objectReference: {fileID: 0}
    - target: {fileID: 400000, guid: 7858d98fca370ca4aa80b5366d2f2b6b, type: 3}
      propertyPath: m_LocalEulerAnglesHint.y
      value: 0
      objectReference: {fileID: 0}
    - target: {fileID: 400000, guid: 7858d98fca370ca4aa80b5366d2f2b6b, type: 3}
      propertyPath: m_LocalEulerAnglesHint.z
      value: 0
      objectReference: {fileID: 0}
    - target: {fileID: 2300000, guid: 7858d98fca370ca4aa80b5366d2f2b6b, type: 3}
      propertyPath: m_Materials.Array.data[0]
      value: 
      objectReference: {fileID: 2100000, guid: 31d165d5675af1a459c1ffa53266c9bb, type: 2}
    m_RemovedComponents: []
  m_SourcePrefab: {fileID: 100100000, guid: 7858d98fca370ca4aa80b5366d2f2b6b, type: 3}
--- !u!4 &4474144732644556356 stripped
Transform:
  m_CorrespondingSourceObject: {fileID: 400000, guid: 7858d98fca370ca4aa80b5366d2f2b6b,
    type: 3}
  m_PrefabInstance: {fileID: 4474144732644156612}
  m_PrefabAsset: {fileID: 0}
--- !u!1001 &4724132713558966026
PrefabInstance:
  m_ObjectHideFlags: 0
  serializedVersion: 2
  m_Modification:
    m_TransformParent: {fileID: 2920621199952433510}
    m_Modifications:
    - target: {fileID: 7745753420337826970, guid: 1555ac90613cad04bb18bb8e1bef54f6,
        type: 3}
      propertyPath: m_Name
      value: TuboSuelo (5)
      objectReference: {fileID: 0}
    - target: {fileID: 3075837319540836759, guid: 1555ac90613cad04bb18bb8e1bef54f6,
        type: 3}
      propertyPath: m_LocalPosition.x
      value: -1.6681864
      objectReference: {fileID: 0}
    - target: {fileID: 3075837319540836759, guid: 1555ac90613cad04bb18bb8e1bef54f6,
        type: 3}
      propertyPath: m_LocalPosition.y
      value: 1.4690406
      objectReference: {fileID: 0}
    - target: {fileID: 3075837319540836759, guid: 1555ac90613cad04bb18bb8e1bef54f6,
        type: 3}
      propertyPath: m_LocalPosition.z
      value: 4.619512
      objectReference: {fileID: 0}
    - target: {fileID: 3075837319540836759, guid: 1555ac90613cad04bb18bb8e1bef54f6,
        type: 3}
      propertyPath: m_LocalRotation.x
      value: -0
      objectReference: {fileID: 0}
    - target: {fileID: 3075837319540836759, guid: 1555ac90613cad04bb18bb8e1bef54f6,
        type: 3}
      propertyPath: m_LocalRotation.y
      value: 0.7071068
      objectReference: {fileID: 0}
    - target: {fileID: 3075837319540836759, guid: 1555ac90613cad04bb18bb8e1bef54f6,
        type: 3}
      propertyPath: m_LocalRotation.z
      value: -0
      objectReference: {fileID: 0}
    - target: {fileID: 3075837319540836759, guid: 1555ac90613cad04bb18bb8e1bef54f6,
        type: 3}
      propertyPath: m_LocalRotation.w
      value: 0.7071068
      objectReference: {fileID: 0}
    - target: {fileID: 3075837319540836759, guid: 1555ac90613cad04bb18bb8e1bef54f6,
        type: 3}
      propertyPath: m_RootOrder
      value: 10
      objectReference: {fileID: 0}
    - target: {fileID: 3075837319540836759, guid: 1555ac90613cad04bb18bb8e1bef54f6,
        type: 3}
      propertyPath: m_LocalEulerAnglesHint.x
      value: 0
      objectReference: {fileID: 0}
    - target: {fileID: 3075837319540836759, guid: 1555ac90613cad04bb18bb8e1bef54f6,
        type: 3}
      propertyPath: m_LocalEulerAnglesHint.y
      value: 90
      objectReference: {fileID: 0}
    - target: {fileID: 3075837319540836759, guid: 1555ac90613cad04bb18bb8e1bef54f6,
        type: 3}
      propertyPath: m_LocalEulerAnglesHint.z
      value: 0
      objectReference: {fileID: 0}
    - target: {fileID: 3075837319540836759, guid: 1555ac90613cad04bb18bb8e1bef54f6,
        type: 3}
      propertyPath: m_LocalScale.x
      value: 1
      objectReference: {fileID: 0}
    - target: {fileID: 3075837319540836759, guid: 1555ac90613cad04bb18bb8e1bef54f6,
        type: 3}
      propertyPath: m_LocalScale.z
      value: 1
      objectReference: {fileID: 0}
    m_RemovedComponents: []
  m_SourcePrefab: {fileID: 100100000, guid: 1555ac90613cad04bb18bb8e1bef54f6, type: 3}
--- !u!4 &7719429325604583069 stripped
Transform:
  m_CorrespondingSourceObject: {fileID: 3075837319540836759, guid: 1555ac90613cad04bb18bb8e1bef54f6,
    type: 3}
  m_PrefabInstance: {fileID: 4724132713558966026}
  m_PrefabAsset: {fileID: 0}
--- !u!1001 &5825396804046661519
PrefabInstance:
  m_ObjectHideFlags: 0
  serializedVersion: 2
  m_Modification:
    m_TransformParent: {fileID: 2920621199952433510}
    m_Modifications:
    - target: {fileID: 7745753420337826970, guid: 1555ac90613cad04bb18bb8e1bef54f6,
        type: 3}
      propertyPath: m_Name
      value: TuboSuelo (12)
      objectReference: {fileID: 0}
    - target: {fileID: 3075837319540836759, guid: 1555ac90613cad04bb18bb8e1bef54f6,
        type: 3}
      propertyPath: m_LocalPosition.x
      value: -4.1905966
      objectReference: {fileID: 0}
    - target: {fileID: 3075837319540836759, guid: 1555ac90613cad04bb18bb8e1bef54f6,
        type: 3}
      propertyPath: m_LocalPosition.y
      value: 1.4674406
      objectReference: {fileID: 0}
    - target: {fileID: 3075837319540836759, guid: 1555ac90613cad04bb18bb8e1bef54f6,
        type: 3}
      propertyPath: m_LocalPosition.z
      value: -1.2444887
      objectReference: {fileID: 0}
    - target: {fileID: 3075837319540836759, guid: 1555ac90613cad04bb18bb8e1bef54f6,
        type: 3}
      propertyPath: m_LocalRotation.x
      value: -0
      objectReference: {fileID: 0}
    - target: {fileID: 3075837319540836759, guid: 1555ac90613cad04bb18bb8e1bef54f6,
        type: 3}
      propertyPath: m_LocalRotation.y
      value: -0
      objectReference: {fileID: 0}
    - target: {fileID: 3075837319540836759, guid: 1555ac90613cad04bb18bb8e1bef54f6,
        type: 3}
      propertyPath: m_LocalRotation.z
      value: -0
      objectReference: {fileID: 0}
    - target: {fileID: 3075837319540836759, guid: 1555ac90613cad04bb18bb8e1bef54f6,
        type: 3}
      propertyPath: m_LocalRotation.w
      value: 1
      objectReference: {fileID: 0}
    - target: {fileID: 3075837319540836759, guid: 1555ac90613cad04bb18bb8e1bef54f6,
        type: 3}
      propertyPath: m_RootOrder
      value: 13
      objectReference: {fileID: 0}
    - target: {fileID: 3075837319540836759, guid: 1555ac90613cad04bb18bb8e1bef54f6,
        type: 3}
      propertyPath: m_LocalEulerAnglesHint.x
      value: 0
      objectReference: {fileID: 0}
    - target: {fileID: 3075837319540836759, guid: 1555ac90613cad04bb18bb8e1bef54f6,
        type: 3}
      propertyPath: m_LocalEulerAnglesHint.y
      value: 0
      objectReference: {fileID: 0}
    - target: {fileID: 3075837319540836759, guid: 1555ac90613cad04bb18bb8e1bef54f6,
        type: 3}
      propertyPath: m_LocalEulerAnglesHint.z
      value: 0
      objectReference: {fileID: 0}
    m_RemovedComponents: []
  m_SourcePrefab: {fileID: 100100000, guid: 1555ac90613cad04bb18bb8e1bef54f6, type: 3}
--- !u!4 &8824915867230449176 stripped
Transform:
  m_CorrespondingSourceObject: {fileID: 3075837319540836759, guid: 1555ac90613cad04bb18bb8e1bef54f6,
    type: 3}
  m_PrefabInstance: {fileID: 5825396804046661519}
  m_PrefabAsset: {fileID: 0}
--- !u!1001 &5995830586478964736
PrefabInstance:
  m_ObjectHideFlags: 0
  serializedVersion: 2
  m_Modification:
    m_TransformParent: {fileID: 2920621199952433510}
    m_Modifications:
    - target: {fileID: 100000, guid: 7858d98fca370ca4aa80b5366d2f2b6b, type: 3}
      propertyPath: m_Name
      value: Famella_02 (5)
      objectReference: {fileID: 0}
    - target: {fileID: 400000, guid: 7858d98fca370ca4aa80b5366d2f2b6b, type: 3}
      propertyPath: m_LocalPosition.x
      value: 0.02440381
      objectReference: {fileID: 0}
    - target: {fileID: 400000, guid: 7858d98fca370ca4aa80b5366d2f2b6b, type: 3}
      propertyPath: m_LocalPosition.y
      value: 0.32244104
      objectReference: {fileID: 0}
    - target: {fileID: 400000, guid: 7858d98fca370ca4aa80b5366d2f2b6b, type: 3}
      propertyPath: m_LocalPosition.z
      value: 0.14491224
      objectReference: {fileID: 0}
    - target: {fileID: 400000, guid: 7858d98fca370ca4aa80b5366d2f2b6b, type: 3}
      propertyPath: m_LocalRotation.x
      value: -0
      objectReference: {fileID: 0}
    - target: {fileID: 400000, guid: 7858d98fca370ca4aa80b5366d2f2b6b, type: 3}
      propertyPath: m_LocalRotation.y
      value: 0.7071068
      objectReference: {fileID: 0}
    - target: {fileID: 400000, guid: 7858d98fca370ca4aa80b5366d2f2b6b, type: 3}
      propertyPath: m_LocalRotation.z
      value: -0
      objectReference: {fileID: 0}
    - target: {fileID: 400000, guid: 7858d98fca370ca4aa80b5366d2f2b6b, type: 3}
      propertyPath: m_LocalRotation.w
      value: 0.7071068
      objectReference: {fileID: 0}
    - target: {fileID: 400000, guid: 7858d98fca370ca4aa80b5366d2f2b6b, type: 3}
      propertyPath: m_RootOrder
      value: 7
      objectReference: {fileID: 0}
    - target: {fileID: 400000, guid: 7858d98fca370ca4aa80b5366d2f2b6b, type: 3}
      propertyPath: m_LocalEulerAnglesHint.x
      value: 0
      objectReference: {fileID: 0}
    - target: {fileID: 400000, guid: 7858d98fca370ca4aa80b5366d2f2b6b, type: 3}
      propertyPath: m_LocalEulerAnglesHint.y
      value: 90
      objectReference: {fileID: 0}
    - target: {fileID: 400000, guid: 7858d98fca370ca4aa80b5366d2f2b6b, type: 3}
      propertyPath: m_LocalEulerAnglesHint.z
      value: 0
      objectReference: {fileID: 0}
    - target: {fileID: 2300000, guid: 7858d98fca370ca4aa80b5366d2f2b6b, type: 3}
      propertyPath: m_Materials.Array.data[0]
      value: 
      objectReference: {fileID: 2100000, guid: 31d165d5675af1a459c1ffa53266c9bb, type: 2}
    m_RemovedComponents: []
  m_SourcePrefab: {fileID: 100100000, guid: 7858d98fca370ca4aa80b5366d2f2b6b, type: 3}
--- !u!4 &5995830586479356544 stripped
Transform:
  m_CorrespondingSourceObject: {fileID: 400000, guid: 7858d98fca370ca4aa80b5366d2f2b6b,
    type: 3}
  m_PrefabInstance: {fileID: 5995830586478964736}
  m_PrefabAsset: {fileID: 0}
--- !u!1001 &6690723961093514310
PrefabInstance:
  m_ObjectHideFlags: 0
  serializedVersion: 2
  m_Modification:
    m_TransformParent: {fileID: 2920621199952433510}
    m_Modifications:
    - target: {fileID: 7745753420337826970, guid: 1555ac90613cad04bb18bb8e1bef54f6,
        type: 3}
      propertyPath: m_Name
      value: TuboSuelo (10)
      objectReference: {fileID: 0}
    - target: {fileID: 3075837319540836759, guid: 1555ac90613cad04bb18bb8e1bef54f6,
        type: 3}
      propertyPath: m_LocalPosition.x
      value: -4.1905966
      objectReference: {fileID: 0}
    - target: {fileID: 3075837319540836759, guid: 1555ac90613cad04bb18bb8e1bef54f6,
        type: 3}
      propertyPath: m_LocalPosition.y
      value: 1.4674406
      objectReference: {fileID: 0}
    - target: {fileID: 3075837319540836759, guid: 1555ac90613cad04bb18bb8e1bef54f6,
        type: 3}
      propertyPath: m_LocalPosition.z
      value: -1.484489
      objectReference: {fileID: 0}
    - target: {fileID: 3075837319540836759, guid: 1555ac90613cad04bb18bb8e1bef54f6,
        type: 3}
      propertyPath: m_LocalRotation.x
      value: -0
      objectReference: {fileID: 0}
    - target: {fileID: 3075837319540836759, guid: 1555ac90613cad04bb18bb8e1bef54f6,
        type: 3}
      propertyPath: m_LocalRotation.y
      value: -0
      objectReference: {fileID: 0}
    - target: {fileID: 3075837319540836759, guid: 1555ac90613cad04bb18bb8e1bef54f6,
        type: 3}
      propertyPath: m_LocalRotation.z
      value: -0
      objectReference: {fileID: 0}
    - target: {fileID: 3075837319540836759, guid: 1555ac90613cad04bb18bb8e1bef54f6,
        type: 3}
      propertyPath: m_LocalRotation.w
      value: 1
      objectReference: {fileID: 0}
    - target: {fileID: 3075837319540836759, guid: 1555ac90613cad04bb18bb8e1bef54f6,
        type: 3}
      propertyPath: m_RootOrder
      value: 11
      objectReference: {fileID: 0}
    - target: {fileID: 3075837319540836759, guid: 1555ac90613cad04bb18bb8e1bef54f6,
        type: 3}
      propertyPath: m_LocalEulerAnglesHint.x
      value: 0
      objectReference: {fileID: 0}
    - target: {fileID: 3075837319540836759, guid: 1555ac90613cad04bb18bb8e1bef54f6,
        type: 3}
      propertyPath: m_LocalEulerAnglesHint.y
      value: 0
      objectReference: {fileID: 0}
    - target: {fileID: 3075837319540836759, guid: 1555ac90613cad04bb18bb8e1bef54f6,
        type: 3}
      propertyPath: m_LocalEulerAnglesHint.z
      value: 0
      objectReference: {fileID: 0}
    m_RemovedComponents: []
  m_SourcePrefab: {fileID: 100100000, guid: 1555ac90613cad04bb18bb8e1bef54f6, type: 3}
--- !u!4 &8535913664756280785 stripped
Transform:
  m_CorrespondingSourceObject: {fileID: 3075837319540836759, guid: 1555ac90613cad04bb18bb8e1bef54f6,
    type: 3}
  m_PrefabInstance: {fileID: 6690723961093514310}
  m_PrefabAsset: {fileID: 0}
--- !u!1001 &6871517540928828176
PrefabInstance:
  m_ObjectHideFlags: 0
  serializedVersion: 2
  m_Modification:
    m_TransformParent: {fileID: 2920621199952433510}
    m_Modifications:
    - target: {fileID: 7745753420337826970, guid: 1555ac90613cad04bb18bb8e1bef54f6,
        type: 3}
      propertyPath: m_Name
      value: TuboSuelo (4)
      objectReference: {fileID: 0}
    - target: {fileID: 3075837319540836759, guid: 1555ac90613cad04bb18bb8e1bef54f6,
        type: 3}
      propertyPath: m_LocalPosition.x
      value: -1.4333334
      objectReference: {fileID: 0}
    - target: {fileID: 3075837319540836759, guid: 1555ac90613cad04bb18bb8e1bef54f6,
        type: 3}
      propertyPath: m_LocalPosition.y
      value: 1.4538405
      objectReference: {fileID: 0}
    - target: {fileID: 3075837319540836759, guid: 1555ac90613cad04bb18bb8e1bef54f6,
        type: 3}
      propertyPath: m_LocalPosition.z
      value: 4.588512
      objectReference: {fileID: 0}
    - target: {fileID: 3075837319540836759, guid: 1555ac90613cad04bb18bb8e1bef54f6,
        type: 3}
      propertyPath: m_LocalRotation.x
      value: -0
      objectReference: {fileID: 0}
    - target: {fileID: 3075837319540836759, guid: 1555ac90613cad04bb18bb8e1bef54f6,
        type: 3}
      propertyPath: m_LocalRotation.y
      value: 0.7071068
      objectReference: {fileID: 0}
    - target: {fileID: 3075837319540836759, guid: 1555ac90613cad04bb18bb8e1bef54f6,
        type: 3}
      propertyPath: m_LocalRotation.z
      value: -0
      objectReference: {fileID: 0}
    - target: {fileID: 3075837319540836759, guid: 1555ac90613cad04bb18bb8e1bef54f6,
        type: 3}
      propertyPath: m_LocalRotation.w
      value: 0.7071068
      objectReference: {fileID: 0}
    - target: {fileID: 3075837319540836759, guid: 1555ac90613cad04bb18bb8e1bef54f6,
        type: 3}
      propertyPath: m_RootOrder
      value: 9
      objectReference: {fileID: 0}
    - target: {fileID: 3075837319540836759, guid: 1555ac90613cad04bb18bb8e1bef54f6,
        type: 3}
      propertyPath: m_LocalEulerAnglesHint.x
      value: 0
      objectReference: {fileID: 0}
    - target: {fileID: 3075837319540836759, guid: 1555ac90613cad04bb18bb8e1bef54f6,
        type: 3}
      propertyPath: m_LocalEulerAnglesHint.y
      value: 90
      objectReference: {fileID: 0}
    - target: {fileID: 3075837319540836759, guid: 1555ac90613cad04bb18bb8e1bef54f6,
        type: 3}
      propertyPath: m_LocalEulerAnglesHint.z
      value: 0
      objectReference: {fileID: 0}
    - target: {fileID: 3075837319540836759, guid: 1555ac90613cad04bb18bb8e1bef54f6,
        type: 3}
      propertyPath: m_LocalScale.x
      value: 1
      objectReference: {fileID: 0}
    - target: {fileID: 3075837319540836759, guid: 1555ac90613cad04bb18bb8e1bef54f6,
        type: 3}
      propertyPath: m_LocalScale.z
      value: 1
      objectReference: {fileID: 0}
    m_RemovedComponents: []
  m_SourcePrefab: {fileID: 100100000, guid: 1555ac90613cad04bb18bb8e1bef54f6, type: 3}
--- !u!4 &8499164912297360007 stripped
Transform:
  m_CorrespondingSourceObject: {fileID: 3075837319540836759, guid: 1555ac90613cad04bb18bb8e1bef54f6,
    type: 3}
  m_PrefabInstance: {fileID: 6871517540928828176}
  m_PrefabAsset: {fileID: 0}
--- !u!1001 &7346514563217432585
PrefabInstance:
  m_ObjectHideFlags: 0
  serializedVersion: 2
  m_Modification:
    m_TransformParent: {fileID: 2920621199952433510}
    m_Modifications:
    - target: {fileID: 7745753420337826970, guid: 1555ac90613cad04bb18bb8e1bef54f6,
        type: 3}
      propertyPath: m_Name
      value: TuboSuelo (11)
      objectReference: {fileID: 0}
    - target: {fileID: 3075837319540836759, guid: 1555ac90613cad04bb18bb8e1bef54f6,
        type: 3}
      propertyPath: m_LocalPosition.x
      value: -4.1695967
      objectReference: {fileID: 0}
    - target: {fileID: 3075837319540836759, guid: 1555ac90613cad04bb18bb8e1bef54f6,
        type: 3}
      propertyPath: m_LocalPosition.y
      value: 1.4674406
      objectReference: {fileID: 0}
    - target: {fileID: 3075837319540836759, guid: 1555ac90613cad04bb18bb8e1bef54f6,
        type: 3}
      propertyPath: m_LocalPosition.z
      value: -1.3560891
      objectReference: {fileID: 0}
    - target: {fileID: 3075837319540836759, guid: 1555ac90613cad04bb18bb8e1bef54f6,
        type: 3}
      propertyPath: m_LocalRotation.x
      value: -0
      objectReference: {fileID: 0}
    - target: {fileID: 3075837319540836759, guid: 1555ac90613cad04bb18bb8e1bef54f6,
        type: 3}
      propertyPath: m_LocalRotation.y
      value: -0
      objectReference: {fileID: 0}
    - target: {fileID: 3075837319540836759, guid: 1555ac90613cad04bb18bb8e1bef54f6,
        type: 3}
      propertyPath: m_LocalRotation.z
      value: -0
      objectReference: {fileID: 0}
    - target: {fileID: 3075837319540836759, guid: 1555ac90613cad04bb18bb8e1bef54f6,
        type: 3}
      propertyPath: m_LocalRotation.w
      value: 1
      objectReference: {fileID: 0}
    - target: {fileID: 3075837319540836759, guid: 1555ac90613cad04bb18bb8e1bef54f6,
        type: 3}
      propertyPath: m_RootOrder
      value: 12
      objectReference: {fileID: 0}
    - target: {fileID: 3075837319540836759, guid: 1555ac90613cad04bb18bb8e1bef54f6,
        type: 3}
      propertyPath: m_LocalEulerAnglesHint.x
      value: 0
      objectReference: {fileID: 0}
    - target: {fileID: 3075837319540836759, guid: 1555ac90613cad04bb18bb8e1bef54f6,
        type: 3}
      propertyPath: m_LocalEulerAnglesHint.y
      value: 0
      objectReference: {fileID: 0}
    - target: {fileID: 3075837319540836759, guid: 1555ac90613cad04bb18bb8e1bef54f6,
        type: 3}
      propertyPath: m_LocalEulerAnglesHint.z
      value: 0
      objectReference: {fileID: 0}
    m_RemovedComponents: []
  m_SourcePrefab: {fileID: 100100000, guid: 1555ac90613cad04bb18bb8e1bef54f6, type: 3}
--- !u!4 &5718306730829425054 stripped
Transform:
  m_CorrespondingSourceObject: {fileID: 3075837319540836759, guid: 1555ac90613cad04bb18bb8e1bef54f6,
    type: 3}
  m_PrefabInstance: {fileID: 7346514563217432585}
  m_PrefabAsset: {fileID: 0}
--- !u!1001 &8794856551490598204
PrefabInstance:
  m_ObjectHideFlags: 0
  serializedVersion: 2
  m_Modification:
    m_TransformParent: {fileID: 2920621199952433510}
    m_Modifications:
    - target: {fileID: 100002, guid: bf6fec1e763c1b34aab886d53fff0643, type: 3}
      propertyPath: m_Name
      value: Tomb_04 (1)
      objectReference: {fileID: 0}
    - target: {fileID: 400002, guid: bf6fec1e763c1b34aab886d53fff0643, type: 3}
      propertyPath: m_LocalPosition.x
      value: -0.047596693
      objectReference: {fileID: 0}
    - target: {fileID: 400002, guid: bf6fec1e763c1b34aab886d53fff0643, type: 3}
      propertyPath: m_LocalPosition.y
      value: 0.29244083
      objectReference: {fileID: 0}
    - target: {fileID: 400002, guid: bf6fec1e763c1b34aab886d53fff0643, type: 3}
      propertyPath: m_LocalPosition.z
      value: 1.1055112
      objectReference: {fileID: 0}
    - target: {fileID: 400002, guid: bf6fec1e763c1b34aab886d53fff0643, type: 3}
      propertyPath: m_LocalRotation.x
      value: 0.01320652
      objectReference: {fileID: 0}
    - target: {fileID: 400002, guid: bf6fec1e763c1b34aab886d53fff0643, type: 3}
      propertyPath: m_LocalRotation.y
      value: -0.7156409
      objectReference: {fileID: 0}
    - target: {fileID: 400002, guid: bf6fec1e763c1b34aab886d53fff0643, type: 3}
      propertyPath: m_LocalRotation.z
      value: -0.0094751185
      objectReference: {fileID: 0}
    - target: {fileID: 400002, guid: bf6fec1e763c1b34aab886d53fff0643, type: 3}
      propertyPath: m_LocalRotation.w
      value: 0.69827926
      objectReference: {fileID: 0}
    - target: {fileID: 400002, guid: bf6fec1e763c1b34aab886d53fff0643, type: 3}
      propertyPath: m_RootOrder
      value: 0
      objectReference: {fileID: 0}
    - target: {fileID: 400002, guid: bf6fec1e763c1b34aab886d53fff0643, type: 3}
      propertyPath: m_LocalEulerAnglesHint.x
      value: 0.28
      objectReference: {fileID: 0}
    - target: {fileID: 400002, guid: bf6fec1e763c1b34aab886d53fff0643, type: 3}
      propertyPath: m_LocalEulerAnglesHint.y
      value: -91.412
      objectReference: {fileID: 0}
    - target: {fileID: 400002, guid: bf6fec1e763c1b34aab886d53fff0643, type: 3}
      propertyPath: m_LocalEulerAnglesHint.z
      value: -1.8420001
      objectReference: {fileID: 0}
    - target: {fileID: 2300000, guid: bf6fec1e763c1b34aab886d53fff0643, type: 3}
      propertyPath: m_Materials.Array.data[0]
      value: 
      objectReference: {fileID: 2100000, guid: 31d165d5675af1a459c1ffa53266c9bb, type: 2}
    m_RemovedComponents: []
  m_SourcePrefab: {fileID: 100100000, guid: bf6fec1e763c1b34aab886d53fff0643, type: 3}
--- !u!4 &8794856551490465726 stripped
Transform:
  m_CorrespondingSourceObject: {fileID: 400002, guid: bf6fec1e763c1b34aab886d53fff0643,
    type: 3}
  m_PrefabInstance: {fileID: 8794856551490598204}
  m_PrefabAsset: {fileID: 0}
--- !u!1001 &8969594853932413023
PrefabInstance:
  m_ObjectHideFlags: 0
  serializedVersion: 2
  m_Modification:
    m_TransformParent: {fileID: 2920621199952433510}
    m_Modifications:
    - target: {fileID: 100000, guid: 7858d98fca370ca4aa80b5366d2f2b6b, type: 3}
      propertyPath: m_Name
      value: Famella_02 (6)
      objectReference: {fileID: 0}
    - target: {fileID: 400000, guid: 7858d98fca370ca4aa80b5366d2f2b6b, type: 3}
      propertyPath: m_LocalPosition.x
      value: -0.091596365
      objectReference: {fileID: 0}
    - target: {fileID: 400000, guid: 7858d98fca370ca4aa80b5366d2f2b6b, type: 3}
      propertyPath: m_LocalPosition.y
      value: 0.32244104
      objectReference: {fileID: 0}
    - target: {fileID: 400000, guid: 7858d98fca370ca4aa80b5366d2f2b6b, type: 3}
      propertyPath: m_LocalPosition.z
      value: 0.1545124
      objectReference: {fileID: 0}
    - target: {fileID: 400000, guid: 7858d98fca370ca4aa80b5366d2f2b6b, type: 3}
      propertyPath: m_LocalRotation.x
      value: -0
      objectReference: {fileID: 0}
    - target: {fileID: 400000, guid: 7858d98fca370ca4aa80b5366d2f2b6b, type: 3}
      propertyPath: m_LocalRotation.y
      value: 0.7071068
      objectReference: {fileID: 0}
    - target: {fileID: 400000, guid: 7858d98fca370ca4aa80b5366d2f2b6b, type: 3}
      propertyPath: m_LocalRotation.z
      value: -0
      objectReference: {fileID: 0}
    - target: {fileID: 400000, guid: 7858d98fca370ca4aa80b5366d2f2b6b, type: 3}
      propertyPath: m_LocalRotation.w
      value: 0.7071068
      objectReference: {fileID: 0}
    - target: {fileID: 400000, guid: 7858d98fca370ca4aa80b5366d2f2b6b, type: 3}
      propertyPath: m_RootOrder
      value: 8
      objectReference: {fileID: 0}
    - target: {fileID: 400000, guid: 7858d98fca370ca4aa80b5366d2f2b6b, type: 3}
      propertyPath: m_LocalEulerAnglesHint.x
      value: 0
      objectReference: {fileID: 0}
    - target: {fileID: 400000, guid: 7858d98fca370ca4aa80b5366d2f2b6b, type: 3}
      propertyPath: m_LocalEulerAnglesHint.y
      value: 90
      objectReference: {fileID: 0}
    - target: {fileID: 400000, guid: 7858d98fca370ca4aa80b5366d2f2b6b, type: 3}
      propertyPath: m_LocalEulerAnglesHint.z
      value: 0
      objectReference: {fileID: 0}
    - target: {fileID: 2300000, guid: 7858d98fca370ca4aa80b5366d2f2b6b, type: 3}
      propertyPath: m_Materials.Array.data[0]
      value: 
      objectReference: {fileID: 2100000, guid: 31d165d5675af1a459c1ffa53266c9bb, type: 2}
    m_RemovedComponents: []
  m_SourcePrefab: {fileID: 100100000, guid: 7858d98fca370ca4aa80b5366d2f2b6b, type: 3}
--- !u!4 &8969594853932804831 stripped
Transform:
  m_CorrespondingSourceObject: {fileID: 400000, guid: 7858d98fca370ca4aa80b5366d2f2b6b,
    type: 3}
  m_PrefabInstance: {fileID: 8969594853932413023}
  m_PrefabAsset: {fileID: 0}
--- !u!1001 &9026970781672898583
PrefabInstance:
  m_ObjectHideFlags: 0
  serializedVersion: 2
  m_Modification:
    m_TransformParent: {fileID: 2920621199952433510}
    m_Modifications:
    - target: {fileID: 100000, guid: 7858d98fca370ca4aa80b5366d2f2b6b, type: 3}
      propertyPath: m_Name
      value: Famella_02 (4)
      objectReference: {fileID: 0}
    - target: {fileID: 400000, guid: 7858d98fca370ca4aa80b5366d2f2b6b, type: 3}
      propertyPath: m_LocalPosition.x
      value: 0.13840318
      objectReference: {fileID: 0}
    - target: {fileID: 400000, guid: 7858d98fca370ca4aa80b5366d2f2b6b, type: 3}
      propertyPath: m_LocalPosition.y
      value: 0.32244104
      objectReference: {fileID: 0}
    - target: {fileID: 400000, guid: 7858d98fca370ca4aa80b5366d2f2b6b, type: 3}
      propertyPath: m_LocalPosition.z
      value: 0.1165123
      objectReference: {fileID: 0}
    - target: {fileID: 400000, guid: 7858d98fca370ca4aa80b5366d2f2b6b, type: 3}
      propertyPath: m_LocalRotation.x
      value: -0
      objectReference: {fileID: 0}
    - target: {fileID: 400000, guid: 7858d98fca370ca4aa80b5366d2f2b6b, type: 3}
      propertyPath: m_LocalRotation.y
      value: 0.7071068
      objectReference: {fileID: 0}
    - target: {fileID: 400000, guid: 7858d98fca370ca4aa80b5366d2f2b6b, type: 3}
      propertyPath: m_LocalRotation.z
      value: -0
      objectReference: {fileID: 0}
    - target: {fileID: 400000, guid: 7858d98fca370ca4aa80b5366d2f2b6b, type: 3}
      propertyPath: m_LocalRotation.w
      value: 0.7071068
      objectReference: {fileID: 0}
    - target: {fileID: 400000, guid: 7858d98fca370ca4aa80b5366d2f2b6b, type: 3}
      propertyPath: m_RootOrder
      value: 6
      objectReference: {fileID: 0}
    - target: {fileID: 400000, guid: 7858d98fca370ca4aa80b5366d2f2b6b, type: 3}
      propertyPath: m_LocalEulerAnglesHint.x
      value: 0
      objectReference: {fileID: 0}
    - target: {fileID: 400000, guid: 7858d98fca370ca4aa80b5366d2f2b6b, type: 3}
      propertyPath: m_LocalEulerAnglesHint.y
      value: 90
      objectReference: {fileID: 0}
    - target: {fileID: 400000, guid: 7858d98fca370ca4aa80b5366d2f2b6b, type: 3}
      propertyPath: m_LocalEulerAnglesHint.z
      value: 0
      objectReference: {fileID: 0}
    - target: {fileID: 2300000, guid: 7858d98fca370ca4aa80b5366d2f2b6b, type: 3}
      propertyPath: m_Materials.Array.data[0]
      value: 
      objectReference: {fileID: 2100000, guid: 31d165d5675af1a459c1ffa53266c9bb, type: 2}
    m_RemovedComponents: []
  m_SourcePrefab: {fileID: 100100000, guid: 7858d98fca370ca4aa80b5366d2f2b6b, type: 3}
--- !u!4 &9026970781673298583 stripped
Transform:
  m_CorrespondingSourceObject: {fileID: 400000, guid: 7858d98fca370ca4aa80b5366d2f2b6b,
    type: 3}
  m_PrefabInstance: {fileID: 9026970781672898583}
  m_PrefabAsset: {fileID: 0}
